<record><leader>00000cas a22000007a 4500</leader><controlfield tag="001">19366436</controlfield><controlfield tag="008">890315d19161921aruwr ne      0    0eng d</controlfield><datafield ind1=" " ind2=" " tag="010"><subfield code="a">sn 89051096 </subfield></datafield><datafield ind1=" " ind2=" " tag="040"><subfield code="a">ANU</subfield><subfield code="b">eng</subfield><subfield code="c">ANU</subfield><subfield code="d">OCLCQ</subfield></datafield><datafield ind1=" " ind2=" " tag="042"><subfield code="a">msc</subfield></datafield><datafield ind1="0" ind2="0" tag="245"><subfield code="a">North Arkansas star and Carroll progress.</subfield></datafield><datafield ind1="1" ind2="3" tag="246"><subfield code="a">North Arkansas star</subfield></datafield><datafield ind1=" " ind2=" " tag="260"><subfield code="a">Berryville, Carroll County, Ark. :</subfield><subfield code="b">W.J. Douglass</subfield></datafield><datafield ind1=" " ind2=" " tag="300"><subfield code="a">v.</subfield></datafield><datafield ind1=" " ind2=" " tag="310"><subfield code="a">Weekly</subfield></datafield><datafield ind1="0" ind2=" " tag="362"><subfield code="a">Vol. 38, no. 9 (Nov. 10, 1916)-v. 41, no. 25 (Apr. 8, 1921) = v. 12, no. 37-v. 17, no. 6.</subfield></datafield><datafield ind1=" " ind2=" " tag="515"><subfield code="a">Numbering is irregular.</subfield></datafield><datafield ind1=" " ind2=" " tag="752"><subfield code="a">United States</subfield><subfield code="b">Arkansas</subfield><subfield code="c">Carroll</subfield><subfield code="d">Berryville.</subfield></datafield><datafield ind1="0" ind2="4" tag="780"><subfield code="t">North Arkansas star (Berryville, Ark. : 1905)</subfield><subfield code="w">(DLC)sn 89051095</subfield></datafield><datafield ind1="0" ind2="4" tag="780"><subfield code="t">Carroll progress</subfield><subfield code="w">(DLC)sn 89051094</subfield></datafield><datafield ind1="0" ind2="7" tag="785"><subfield code="t">Berryville Democrat (Berryville, Ark. : 1918)</subfield></datafield><datafield ind1="0" ind2="7" tag="785"><subfield code="t">North Arkansas star and Berryville Democrat</subfield><subfield code="w">(DLC)sn 89051097</subfield></datafield></record>